<collection xmlns="http://www.loc.gov/MARC21/slim">
<record>
  <leader>00571na 0a22001451i 450 </leader>
  <controlfield tag="001">IT\ICCU\CNCE\054949</controlfield>
  <controlfield tag="005">20071212000000.0</controlfield>
  <datafield tag="100" ind1=" " ind2=" ">
    <subfield code="a">20031203             0itac0103    ba</subfield>
  </datafield>
  <datafield tag="101" ind1=" " ind2=" ">
    <subfield code="a">ITA</subfield>
  </datafield>
  <datafield tag="200" ind1="1" ind2=" ">
    <subfield code="a">Secondo et terzo libro dell&apos;historie di Niceta</subfield>
  </datafield>
  <datafield tag="700" ind1=" " ind2="0">
    <subfield code="a">Nicetas</subfield>
    <subfield code="c"> : Acominatus</subfield>
    <subfield code="3">IT\ICCU\CNCA\008122</subfield>
  </datafield>
  <datafield tag="790" ind1=" " ind2="0">
    <subfield code="a">Nicetas</subfield>
    <subfield code="c"> : Choniates</subfield>
    <subfield code="3">IT\ICCU\CNCA\018069</subfield>
    <subfield code="z">Nicetas : Acominatus</subfield>
  </datafield>
  <datafield tag="790" ind1=" " ind2="0">
    <subfield code="a">Niketas</subfield>
    <subfield code="c"> : Choniates</subfield>
    <subfield code="3">IT\ICCU\CNCA\021654</subfield>
    <subfield code="z">Nicetas : Acominatus</subfield>
  </datafield>
  <datafield tag="790" ind1=" " ind2="0">
    <subfield code="a">Acominatus</subfield>
    <subfield code="c"> : Nicetas Coniates</subfield>
    <subfield code="3">IT\ICCU\CNCA\028644</subfield>
    <subfield code="z">Nicetas : Acominatus</subfield>
  </datafield>
  <datafield tag="801" ind1=" " ind2="3">
    <subfield code="a">IT</subfield>
    <subfield code="b">ICCU</subfield>
    <subfield code="c">20201115</subfield>
  </datafield>
</record>
</collection>
